<?xml version="1.0" encoding="UTF-8"?>
<ting:container xmlns:ting="http://www.dbc.dk/ting" xmlns:dkabm="http://biblstandard.dk/abm/namespace/dkabm/" xmlns:ac="http://biblstandard.dk/ac/namespace/" xmlns:dkdcplus="http://biblstandard.dk/abm/namespace/dkdcplus/" xmlns:oss="http://oss.dbc.dk/ns/osstypes" xmlns:dc="http://purl.org/dc/elements/1.1/" xmlns:dcterms="http://purl.org/dc/terms/" xmlns:xsi="http://www.w3.org/2001/XMLSchema-instance" xmlns:docbook="http://docbook.org/ns/docbook" xmlns:oso="http://oss.dbc.dk/ns/opensearchobjects"><dkabm:record><ac:identifier>44082985|870970</ac:identifier><ac:source>Bibliotekskatalog</ac:source><dc:title>No country for old men</dc:title><dc:title xsi:type="dkdcplus:full">No country for old men</dc:title><dc:creator xsi:type="dkdcplus:aut">Cormac McCarthy</dc:creator><dc:creator xsi:type="oss:sort">McCarthy, Cormac</dc:creator><dc:subject xsi:type="dkdcplus:DK5">83.8</dc:subject><dc:subject xsi:type="dkdcplus:DK5-Text">Amerikansk skønlitteratur</dc:subject><dc:subject>fiction</dc:subject><dc:subject>narkotikahandel</dc:subject><dc:subject>spændingsroman</dc:subject><dcterms:audience>voksenmaterialer</dcterms:audience><dkdcplus:version>Paperback</dkdcplus:version><dc:publisher>Picador</dc:publisher><dc:date>2005</dc:date><dc:type xsi:type="dkdcplus:BibDK-Type">Bog</dc:type><dcterms:extent>309 sider</dcterms:extent><dc:identifier xsi:type="dkdcplus:ISBN">0-330-44011-X</dc:identifier><dc:language xsi:type="dcterms:ISO639-2">eng</dc:language><dc:language>Engelsk</dc:language></dkabm:record><marcx:collection xmlns:marcx="info:lc/xmlns/marcxchange-v1"><marcx:record format="danMARC2" type="Bibliographic"><marcx:leader>000000000000000000000000</marcx:leader><marcx:datafield tag="001" ind1="0" ind2="0"><marcx:subfield code="a">44082985</marcx:subfield><marcx:subfield code="b">870970</marcx:subfield><marcx:subfield code="c">20070319174907</marcx:subfield><marcx:subfield code="d">20070309</marcx:subfield><marcx:subfield code="f">a</marcx:subfield></marcx:datafield><marcx:datafield tag="002" ind1="0" ind2="0"><marcx:subfield code="b">733000</marcx:subfield><marcx:subfield code="c">90441078</marcx:subfield><marcx:subfield code="x">73300090441078</marcx:subfield></marcx:datafield><marcx:datafield tag="004" ind1="0" ind2="0"><marcx:subfield code="r">c</marcx:subfield><marcx:subfield code="a">e</marcx:subfield></marcx:datafield><marcx:datafield tag="008" ind1="0" ind2="0"><marcx:subfield code="t">m</marcx:subfield><marcx:subfield code="u">r</marcx:subfield><marcx:subfield code="a">2005</marcx:subfield><marcx:subfield code="z">2006</marcx:subfield><marcx:subfield code="b">gb</marcx:subfield><marcx:subfield code="j">f</marcx:subfield><marcx:subfield code="l">eng</marcx:subfield><marcx:subfield code="v">4</marcx:subfield></marcx:datafield><marcx:datafield tag="009" ind1="0" ind2="0"><marcx:subfield code="a">a</marcx:subfield><marcx:subfield code="g">xx</marcx:subfield></marcx:datafield><marcx:datafield tag="021" ind1="0" ind2="0"><marcx:subfield code="a">0-330-44011-X</marcx:subfield><marcx:subfield code="c">paperback</marcx:subfield><marcx:subfield code="d">kr. 110,00</marcx:subfield></marcx:datafield><marcx:datafield tag="100" ind1="0" ind2="0"><marcx:subfield code="A">maccarthy</marcx:subfield><marcx:subfield code="a">McCarthy</marcx:subfield><marcx:subfield code="h">Cormac</marcx:subfield></marcx:datafield><marcx:datafield tag="245" ind1="0" ind2="0"><marcx:subfield code="a">No country for old men</marcx:subfield><marcx:subfield code="e">Cormac McCarthy</marcx:subfield></marcx:datafield><marcx:datafield tag="250" ind1="0" ind2="0"><marcx:subfield code="a">[Paperback]</marcx:subfield></marcx:datafield><marcx:datafield tag="260" ind1="0" ind2="0"><marcx:subfield code="a">London</marcx:subfield><marcx:subfield code="b">Picador</marcx:subfield><marcx:subfield code="c">2006</marcx:subfield></marcx:datafield><marcx:datafield tag="300" ind1="0" ind2="0"><marcx:subfield code="a">309 sider</marcx:subfield></marcx:datafield><marcx:datafield tag="520" ind1="0" ind2="0"><marcx:subfield code="a">Originaludgave:2005</marcx:subfield></marcx:datafield><marcx:datafield tag="631" ind1="0" ind2="0"><marcx:subfield code="s">spændingsroman</marcx:subfield></marcx:datafield><marcx:datafield tag="631" ind1="0" ind2="0"><marcx:subfield code="s">fiction</marcx:subfield></marcx:datafield><marcx:datafield tag="631" ind1="0" ind2="0"><marcx:subfield code="s">narkotikahandel</marcx:subfield></marcx:datafield><marcx:datafield tag="652" ind1="0" ind2="0"><marcx:subfield code="m">83.8</marcx:subfield></marcx:datafield><marcx:datafield tag="996" ind1="0" ind2="0"><marcx:subfield code="a">733000</marcx:subfield></marcx:datafield><marcx:datafield tag="n55" ind1="0" ind2="0"><marcx:subfield code="a">20070319</marcx:subfield></marcx:datafield><marcx:datafield tag="z99" ind1="0" ind2="0"><marcx:subfield code="a">agr</marcx:subfield></marcx:datafield></marcx:record></marcx:collection><oss:openurl>_BASEURL_url_ctx_fmt=info:ofi/fmt:kev:mtx:ctx&amp;ctx_ver=Z39.88-2004&amp;rft_val_fmt=info:ofi/fmt:kev:mtx:book&amp;rft.btitle=No+country+for+old+men&amp;rft.aulast=McCarthy&amp;rft.aufirst=Cormac&amp;rft.auinit=C&amp;rft.date=2005&amp;rft.isbn=0-330-44011-X&amp;rft.pub=Picador&amp;rft.edition=Paperback&amp;rft.genre=book</oss:openurl><adminData><creationDate>2007-03-19</creationDate><libraryType>none</libraryType><indexingAlias>danmarcxchange</indexingAlias><accessType>physical</accessType><genre>fiktion</genre><collectionIdentifier>870970-basis</collectionIdentifier></adminData></ting:container>